ISA*00*          *00*          *ZZ*BCBS_CA        *ZZ*MEDBILL        *251001*1200*^*00501*000000020*0*P*:‾GS*HP*BCBS_CA*MEDBILL*20251001*1200*20*X*005010X221A1‾ST*835*2001*005010X221A1‾BPR*I*2450.00*C*ACH*CTX*01*777777777*DA*1234567890*9876543210**01*333333333*DA*9999999999*20251001‾TRN*1*TRC-60001*1777777777‾DTM*405*20251001‾N1*PR*BLUE CROSS BLUE SHIELD CA*XV*BCBS_CA‾N1*PE*DR MARIA GARCIA*XX*2345678901‾CLP*CLM-2001*1*650.00*480.00*85.00*12*ORIG-REF-2001‾CAS*CO*45*85.00‾CAS*PR*2*50.00*1*35.00‾SVC*HC:99214*350.00*260.00**1‾SVC*HC:83036*50.00*40.00**1‾SVC*HC:99213*250.00*180.00**1‾CLP*CLM-2004*1*290.00*210.00*40.00*12*ORIG-REF-2004‾CAS*CO*45*40.00‾CAS*PR*2*40.00‾SVC*HC:99213*170.00*120.00**1‾SVC*HC:97110*120.00*90.00**2‾SE*18*2001‾GE*1*20‾IEA*1*000000020‾
ISA*00*          *00*          *ZZ*UHC            *ZZ*MEDBILL        *251015*0900*^*00501*000000021*0*P*:‾GS*HP*UHC*MEDBILL*20251015*0900*21*X*005010X221A1‾ST*835*2002*005010X221A1‾BPR*I*1580.00*C*ACH*CTX*01*888888888*DA*1234567890*9876543210**01*444444444*DA*9999999999*20251015‾TRN*1*TRC-60002*1888888888‾DTM*405*20251015‾N1*PR*UNITEDHEALTH*XV*UHC‾N1*PE*DR MARIA GARCIA*XX*2345678901‾CLP*CLM-2002*1*1800.00*1100.00*200.00*12*ORIG-REF-2002‾CAS*CO*45*500.00‾CAS*PR*1*100.00*2*100.00‾SVC*HC:99283*500.00*350.00**1‾SVC*HC:27236*900.00*500.00**1‾SVC*HC:99214*400.00*250.00**1‾CLP*CLM-2007*1*320.00*230.00*45.00*12*ORIG-REF-2007‾CAS*CO*45*45.00‾CAS*PR*2*45.00‾SVC*HC:99213*170.00*120.00**1‾SVC*HC:83036*55.00*40.00**1‾SVC*HC:97110*95.00*70.00**1‾SE*22*2002‾GE*1*21‾IEA*1*000000021‾
ISA*00*          *00*          *ZZ*CIGNA          *ZZ*MEDBILL        *251101*1400*^*00501*000000022*0*P*:‾GS*HP*CIGNA*MEDBILL*20251101*1400*22*X*005010X221A1‾ST*835*2003*005010X221A1‾BPR*I*900.00*C*ACH*CTX*01*666666666*DA*1234567890*9876543210**01*555555555*DA*9999999999*20251101‾TRN*1*TRC-60003*1666666666‾DTM*405*20251101‾N1*PR*CIGNA*XV*CIGNA‾N1*PE*DR MARIA GARCIA*XX*2345678901‾CLP*CLM-2003*1*380.00*280.00*50.00*12*ORIG-REF-2003‾CAS*CO*45*50.00‾CAS*PR*2*50.00‾SVC*HC:99213*180.00*130.00**1‾SVC*HC:97110*200.00*150.00**2‾CLP*CLM-2008*2*1200.00*0.00*0.00*12*ORIG-REF-2008‾CAS*CO*50*1200.00‾SVC*HC:99283*500.00*0.00**1‾SVC*HC:27236*700.00*0.00**1‾SE*18*2003‾GE*1*22‾IEA*1*000000022‾
ISA*00*          *00*          *ZZ*MEDICAID_CA    *ZZ*MEDBILL        *251120*1000*^*00501*000000023*0*P*:‾GS*HP*MEDICAID_CA*MEDBILL*20251120*1000*23*X*005010X221A1‾ST*835*2004*005010X221A1‾BPR*I*350.00*C*ACH*CTX*01*555555555*DA*1234567890*9876543210**01*666666666*DA*9999999999*20251120‾TRN*1*TRC-60004*1555555555‾DTM*405*20251120‾N1*PR*MEDI-CAL*XV*MEDICAID_CA‾N1*PE*DR DAVID CHEN*XX*3456789012‾CLP*CLM-2005*1*475.00*350.00*65.00*12*ORIG-REF-2005‾CAS*CO*45*60.00‾CAS*PR*2*65.00‾SVC*HC:99215*475.00*350.00**1‾SE*12*2004‾GE*1*23‾IEA*1*000000023‾
ISA*00*          *00*          *ZZ*AETNA          *ZZ*MEDBILL        *251201*1100*^*00501*000000024*0*P*:‾GS*HP*AETNA*MEDBILL*20251201*1100*24*X*005010X221A1‾ST*835*2005*005010X221A1‾BPR*I*550.00*C*ACH*CTX*01*999999999*DA*1234567890*9876543210**01*777777777*DA*9999999999*20251201‾TRN*1*TRC-60005*1999999999‾DTM*405*20251201‾N1*PR*AETNA*XV*AETNA‾N1*PE*DR DAVID CHEN*XX*3456789012‾CLP*CLM-2006*1*850.00*550.00*150.00*12*ORIG-REF-2006‾CAS*CO*45*150.00‾CAS*PR*1*75.00*2*75.00‾SVC*HC:99214*450.00*300.00**1‾SVC*HC:99283*400.00*250.00**1‾SE*14*2005‾GE*1*24‾IEA*1*000000024‾