ISA*00*          *00*          *ZZ*UHC            *ZZ*MEDBILL        *250815*1400*^*00501*000000011*0*P*:~GS*HP*UHC*MEDBILL*20250815*1400*11*X*005010X221A1~ST*835*1002*005010X221A1~BPR*I*300.00*C*ACH*CTX*01*888888888*DA*1234567890*9876543210**01*222222222*DA*9999999999*20250815~TRN*1*TRC-50002*1888888888~DTM*405*20250815~N1*PR*UNITEDHEALTH*XV*UHC~N1*PE*DR JOHN SMITH*XX*1234567890~CLP*CLM-1004*1*350.00*300.00*30.00*12*ORIG-REF-1004~CAS*CO*45*20.00~CAS*PR*2*30.00~SVC*HC:99214*200.00*175.00**1~SVC*HC:83036*50.00*45.00**1~SVC*HC:99213*100.00*80.00**1~SE*14*1002~GE*1*11~IEA*1*000000011~