ISA*00*          *00*          *ZZ*AETNA          *ZZ*MEDBILL        *250801*1000*^*00501*000000010*0*P*:~GS*HP*AETNA*MEDBILL*20250801*1000*10*X*005010X221A1~ST*835*1001*005010X221A1~BPR*I*750.00*C*ACH*CTX*01*999999999*DA*1234567890*9876543210**01*111111111*DA*9999999999*20250801~TRN*1*TRC-50001*1999999999~DTM*405*20250801~N1*PR*AETNA*XV*AETNA~N1*PE*DR JOHN SMITH*XX*1234567890~CLP*CLM-1001*1*500.00*350.00*75.00*12*ORIG-REF-1001~CAS*CO*45*75.00~CAS*PR*1*50.00*2*25.00~SVC*HC:99213*150.00*100.00**1~SVC*HC:99214:25*350.00*250.00**1~CLP*CLM-1002*1*275.00*200.00*25.00*12*ORIG-REF-1002~CAS*CO*45*50.00~CAS*PR*2*25.00~SVC*HC:99213*175.00*125.00**1~SVC*HC:97110*100.00*75.00**2~CLP*CLM-1003*2*1200.00*0.00*0.00*12*ORIG-REF-1003~CAS*CO*50*1200.00~SVC*HC:27236*800.00*0.00**1~SVC*HC:99283*400.00*0.00**1~SE*22*1001~GE*1*10~IEA*1*000000010~