ISA*00*          *00*          *ZZ*AETNA          *ZZ*MEDBILL        *260115*0900*^*00501*000000030*0*P*:~GS*HP*AETNA*MEDBILL*20260115*0900*30*X*005010X221A1~ST*835*3001*005010X221A1~BPR*I*650.00*C*ACH*CTX*01*999999999*DA*1234567890*9876543210**01*888888888*DA*9999999999*20260115~TRN*1*TRC-70001*1999999999~DTM*405*20260115~N1*PR*AETNA*XV*AETNA~N1*PE*DR PRIYA PATEL*XX*4567890123~CLP*CLM-3001*1*550.00*380.00*85.00*12*ORIG-REF-3001~CAS*CO*45*85.00~CAS*PR*2*85.00~SVC*HC:99214*350.00*240.00**1~SVC*HC:97110*200.00*140.00**2~CLP*CLM-3004*1*350.00*260.00*45.00*12*ORIG-REF-3004~CAS*CO*45*45.00~CAS*PR*2*45.00~SVC*HC:99213*175.00*130.00**1~SVC*HC:97110*175.00*130.00**2~SE*18*3001~GE*1*30~IEA*1*000000030~
ISA*00*          *00*          *ZZ*BCBS_CA        *ZZ*MEDBILL        *260201*1000*^*00501*000000031*0*P*:~GS*HP*BCBS_CA*MEDBILL*20260201*1000*31*X*005010X221A1~ST*835*3002*005010X221A1~BPR*I*480.00*C*ACH*CTX*01*777777777*DA*1234567890*9876543210**01*999999999*DA*9999999999*20260201~TRN*1*TRC-70002*1777777777~DTM*405*20260201~N1*PR*BLUE CROSS BLUE SHIELD CA*XV*BCBS_CA~N1*PE*DR PRIYA PATEL*XX*4567890123~CLP*CLM-3002*1*425.00*310.00*55.00*12*ORIG-REF-3002~CAS*CO*45*60.00~CAS*PR*2*55.00~SVC*HC:99213*200.00*140.00**1~SVC*HC:83036*50.00*40.00**1~SVC*HC:97110*175.00*130.00**2~CLP*CLM-3007*1*290.00*220.00*35.00*12*ORIG-REF-3007~CAS*CO*45*35.00~CAS*PR*2*35.00~SVC*HC:99213*180.00*130.00**1~SVC*HC:97110*110.00*90.00**2~SE*18*3002~GE*1*31~IEA*1*000000031~
ISA*00*          *00*          *ZZ*UHC            *ZZ*MEDBILL        *260215*1400*^*00501*000000032*0*P*:~GS*HP*UHC*MEDBILL*20260215*1400*32*X*005010X221A1~ST*835*3003*005010X221A1~BPR*I*1550.00*C*ACH*CTX*01*888888888*DA*1234567890*9876543210**01*111111111*DA*9999999999*20260215~TRN*1*TRC-70003*1888888888~DTM*405*20260215~N1*PR*UNITEDHEALTH*XV*UHC~N1*PE*DR PRIYA PATEL*XX*4567890123~CLP*CLM-3003*1*780.00*520.00*130.00*12*ORIG-REF-3003~CAS*CO*45*130.00~CAS*PR*1*65.00*2*65.00~SVC*HC:99215*480.00*320.00**1~SVC*HC:97110*300.00*200.00**3~CLP*CLM-3006*1*380.00*280.00*50.00*12*ORIG-REF-3006~CAS*CO*45*50.00~CAS*PR*2*50.00~SVC*HC:99214*280.00*210.00**1~SVC*HC:83036*50.00*40.00**1~SVC*HC:97110*50.00*30.00**1~CLP*CLM-3009*1*1500.00*850.00*325.00*12*ORIG-REF-3009~CAS*CO*45*325.00~CAS*PR*1*150.00*2*175.00~SVC*HC:99283*600.00*350.00**1~SVC*HC:27236*900.00*500.00**1~SE*26*3003~GE*1*32~IEA*1*000000032~
ISA*00*          *00*          *ZZ*CIGNA          *ZZ*MEDBILL        *260301*0900*^*00501*000000033*0*P*:~GS*HP*CIGNA*MEDBILL*20260301*0900*33*X*005010X221A1~ST*835*3004*005010X221A1~BPR*I*650.00*C*ACH*CTX*01*666666666*DA*1234567890*9876543210**01*222222222*DA*9999999999*20260301~TRN*1*TRC-70004*1666666666~DTM*405*20260301~N1*PR*CIGNA*XV*CIGNA~N1*PE*DR MICHAEL BROWN*XX*5678901234~CLP*CLM-3005*2*920.00*0.00*0.00*12*ORIG-REF-3005~CAS*CO*50*920.00~SVC*HC:99283*500.00*0.00**1~SVC*HC:99214*420.00*0.00**1~SE*12*3004~GE*1*33~IEA*1*000000033~
ISA*00*          *00*          *ZZ*AETNA          *ZZ*MEDBILL        *260315*1100*^*00501*000000034*0*P*:~GS*HP*AETNA*MEDBILL*20260315*1100*34*X*005010X221A1~ST*835*3005*005010X221A1~BPR*I*360.00*C*ACH*CTX*01*999999999*DA*1234567890*9876543210**01*333333333*DA*9999999999*20260315~TRN*1*TRC-70005*1999999999~DTM*405*20260315~N1*PR*AETNA*XV*AETNA~N1*PE*DR SARAH WILSON*XX*6789012345~CLP*CLM-3010*1*440.00*310.00*65.00*12*ORIG-REF-3010~CAS*CO*45*65.00~CAS*PR*2*65.00~SVC*HC:99214*300.00*210.00**1~SVC*HC:83036*50.00*35.00**1~SVC*HC:97110*90.00*65.00**1~SE*14*3005~GE*1*34~IEA*1*000000034~
ISA*00*          *00*          *ZZ*MEDICAID_CA    *ZZ*MEDBILL        *260320*1000*^*00501*000000035*0*P*:~GS*HP*MEDICAID_CA*MEDBILL*20260320*1000*35*X*005010X221A1~ST*835*3006*005010X221A1~BPR*I*500.00*C*ACH*CTX*01*555555555*DA*1234567890*9876543210**01*444444444*DA*9999999999*20260320~TRN*1*TRC-70006*1555555555~DTM*405*20260320~N1*PR*MEDI-CAL*XV*MEDICAID_CA~N1*PE*DR MICHAEL BROWN*XX*5678901234~CLP*CLM-3008*1*650.00*500.00*75.00*12*ORIG-REF-3008~CAS*CO*45*75.00~CAS*PR*2*75.00~SVC*HC:99215*450.00*350.00**1~SVC*HC:97110*200.00*150.00**2~SE*14*3006~GE*1*35~IEA*1*000000035~